@article{das2014frame,
  title={Frame-semantic parsing},
  author={Das, Dipanjan and Chen, Desai and Martins, Andr{\'e} FT and Schneider, Nathan and Smith, Noah A},
  journal={Computational Linguistics},
  volume={40},
  number={1},
  pages={9--56},
  year={2014},
  publisher={MIT Press}
}
@inproceedings{baker1998berkeley,
  title={The berkeley framenet project},
  author={Baker, Collin F and Fillmore, Charles J and Lowe, John B},
  booktitle={Proceedings of the 17th international conference on Computational linguistics-Volume 1},
  pages={86--90},
  year={1998},
  organization={Association for Computational Linguistics}
}
@inproceedings{rooth1999inducing,
  title={Inducing a semantically annotated lexicon via EM-based clustering},
  author={Rooth, Mats and Riezler, Stefan and Prescher, Detlef and Carroll, Glenn and Beil, Franz},
  booktitle={Proceedings of the 37th annual meeting of the Association for Computational Linguistics on Computational Linguistics},
  pages={104--111},
  year={1999},
  organization={Association for Computational Linguistics}
}
@article{o2013learning,
  title={Learning frames from text with an unsupervised latent variable model},
  author={O'Connor, Brendan},
  journal={arXiv preprint arXiv:1307.7382},
  year={2013}
}
